<?xml version="1.0" encoding="UTF-8"?><collection xmlns="http://www.loc.gov/MARC21/slim"><record><leader>00656nam--2200193-i-4500</leader><controlfield tag="001">000037210</controlfield><controlfield tag="002">20161230</controlfield><controlfield tag="005">20170210153148</controlfield><controlfield tag="008">060222s1000------------r-----000-0-fre-d</controlfield><datafield ind1=" " ind2=" " tag="040"><subfield code="a">IFIN-HH</subfield></datafield><datafield ind1=" " ind2=" " tag="041"><subfield code="a">fre</subfield></datafield><datafield ind1=" " ind2=" " tag="080"><subfield code="a">535</subfield></datafield><datafield ind1="1" ind2=" " tag="110"><subfield code="a">Centre National De La Recherche Scientifique</subfield></datafield><datafield ind1="1" ind2="0" tag="245"><subfield code="a">Les progres recents en spectroscopie interferentielle</subfield><subfield code="b">Bellevue, 9 septembre - 13 septembre 1957</subfield></datafield><datafield ind1=" " ind2=" " tag="260"><subfield code="a">Paris</subfield><subfield code="b">Editions Du Centre National De La Recherche Scientifique</subfield><subfield code="c">1958</subfield></datafield><datafield ind1=" " ind2=" " tag="300"><subfield code="a">252 p.+ FIG</subfield></datafield><datafield ind1=" " ind2=" " tag="490"><subfield code="a">Colloques International Du Centre De La Recherche Scientifique</subfield><subfield code="v">Vol. LXXX</subfield></datafield><datafield ind1=" " ind2=" " tag="852"><subfield code="a">14840</subfield><subfield code="c">535</subfield></datafield><datafield ind1=" " ind2=" " tag="CAT"><subfield code="a">SYS</subfield><subfield code="c">20170210</subfield><subfield code="h">153148</subfield></datafield></record></collection>